
@Unpublished{	  coq-ordinals,
  author	= {Pierre Cast{\'e}ran and {\'E}velyne Contejean},
  title		= {On Ordinal Notations},
  note		= {Available from
		  \url{http://coq.inria.fr/V8.2pl1/contribs/Cantor.html}}
}

@InProceedings{	  dblp:conf/fmcad/gordonrhk06,
  author	= {Michael J. C. Gordon and James Reynolds and Warren A. Hunt
		  Jr. and Matt Kaufmann},
  title		= {An Integration of {HOL} and {ACL2}},
  year		= {2006},
  pages		= {153--160},
  doi		= {10.1109/FMCAD.2006.6},
  crossref	= {DBLP:conf/fmcad/2006}
}

@Proceedings{	  dblp:conf/fmcad/2006,
  booktitle	= {Proceedings of Formal Methods in Computer-Aided
		  Design~(FMCAD)},
  publisher	= {IEEE Computer Society},
  year		= {2006},
  isbn		= {0-7695-2707-8}
}

@Article{	  huffman-afp05,
  author	= {Brian Huffman},
  title		= {Countable Ordinals},
  journal	= {Archive of Formal Proofs},
  month		= nov,
  year		= 2005,
  note		= {\url{http://afp.sf.net/entries/Ordinal.shtml}, Formal
		  proof development},
  issn		= {2150-914x}
}

@InProceedings{	  kaufmannslind:tphols09:ordinal-pearl,
  author	= {Matt Kaufmann and Konrad Slind},
  title		= {Proof Pearl: Wellfounded Induction on the Ordinals Up to
		  $\varepsilon_0$},
  booktitle	= {TPHOLs},
  year		= {2007},
  pages		= {294--301},
  doi		= {10.1007/978-3-540-74591-4_22},
  crossref	= {tphols2007}
}

@Article{	  manoliosvroon:jar2006:ordinal-arithmetic,
  author	= {Panagiotis Manolios and Daron Vroon},
  title		= {Ordinal Arithmetic: Algorithms and Mechanization},
  journal	= {Journal of Automated Reasoning},
  volume	= {34},
  number	= {4},
  year		= {2005},
  pages		= {387--423},
  doi		= {10.1007/s10817-005-9023-9}
}

@InProceedings{	  lics2012:traytel:datatypes,
  author	= {Dmitriy Traytel and Andrei Popescu and Jasmin Christian
		  Blanchette},
  title		= {Foundational, Compositional (Co)datatypes for Higher-Order
		  Logic: Category Theory Applied to Theorem Proving},
  booktitle	= {Proceedings of the 27th Annual IEEE Symposium on Logic in
		  Computer Science},
  publisher	= {IEEE},
  year		= {2012},
  pages		= {596--605},
  ee		= {http://dx.doi.org/10.1109/LICS.2012.75}
}

@Unpublished{	  harrison92:_hol_wellorder,
  author	= {John Harrison},
  title		= {The {HOL} wellorder library},
  note		= {{HOL88} documentation},
  month		= {May},
  year		= 1992
}

@Proceedings{	  tphols2007,
  booktitle	= {Theorem Proving in Higher Order Logics, 20th International
		  Conference},
  title		= {Theorem Proving in Higher Order Logics, 20th International
		  Conference},
  year		= 2007,
  editor	= {Klaus Schneider and Jens Brandt},
  series	= {Lecture Notes in Computer Science},
  publisher	= {Springer},
  volume	= 4732
}
